@article{pozo2024some,
  title={Some inflationary models under the light of Planck 2018 results},
  author={Pozo, Daniel and {Zambrano}, Jordan and Villegas, Ismael and Hern{\'a}ndez--Jim{\'e}nez, Rafael and Rojas, Clara},
  journal={Astroparticle Physics},
  pages={102977},
  year={2024},
  publisher={Elsevier}
}